4459 5275
1202 496 1245 560 10

1119 582 1325 593 .......-.-.—.-

2105 593 2107 632 Ι

386 692 522 784 σ’ἱστρων,
544 705 658 782 νυχίων
680 698 877 785 φοεχμοὲιων
899 698 1076 768 ἐπίσκοπον
1099 706 1178 785 (ant
1197 701 1392 783 iiio-ii).
1422 738 1466 748 -
1494 704 1539 765 ai
1561 717 1681 767 saevam
1700 706 1791 784 hujus
1813 706 1859 769 dci
1882 722 1968 785 quem
1990 711 2050 786 jam

387 805 529 874 Homerus
551 801 741 888 μαινόμενον
757 810 990 888 numinattiib,
1006 808 1080 888 132)
1099 816 1131 872 et
1143 810 1279 874 Bacchici
1296 808 1394 871 cultus
1415 814 1548 873 naturam
1565 802 1765 891 ταοροφόγος
1776 826 1892 889 quoque
1902 812 2050 889 epitheton
2105 805 2107 868 ἔ

385 910 570 993 referentium
592 928 660 975 esse
682 912 793 976 ridetur
815 914 893 991 quoi
915 912 1215 990 legoniensem.
1249 913 1332 976 Certe
1354 918 1457 976 notum
1480 918 1537 991 est,
1559 914 1645 977 iestis
1667 914 1755 993 hujus
1777 915 1827 977 bei
1848 914 1950 977 diebus
1964 911 2051 977 'uaria

385 1016 523 1081 animalia
544 1016 669 1079 lacerari
691 1023 721 1079 et
743 1016 863 1080 crudam
885 1034 984 1085 eurum
1007 1034 1126 1082 carnem
1148 1018 1262 1081 cennech
1284 1017 1422 1098 solitam,
1444 1018 1521 1080 uncie
1544 1006 1591 1080 rel
1612 1017 1684 1081 deus
1707 1020 1774 1097 ipse
1799 1011 1953 1103 ω’μησιής
1972 1020 2050 1081 ‹iice-

386 1118 473 1183 batur
497 1119 624 1199 (Prellei
646 1136 674 1201 p.
698 1117 787 1200 432).

1115 1238 1145 1301 3.
1178 1228 1325 1317 Νύμφαι.

470 1354 667 1436 Nympharum
703 1360 783 1421 rania
812 1374 919 1437 genera
948 1374 967 1422 a
995 1364 1086 1439 poeta
1114 1364 1382 1422 commemorantur.
1435 1357 1565 1421 Primum
1593 1360 1739 1437 nymphae
1768 1362 1938 1423 montanae.
1993 1361 2054 1422 Hue
2105 1317 2107 1374 1

384 1462 531 1539 pertinent
553 1462 592 1524 N.
615 1454 776 1545 Κωρύκιαι
800 1462 878 1545 (Ant
905 1460 1002 1543 1127)
1027 1480 1103 1543 quae
1124 1464 1252 1528 incolunt
1275 1468 1391 1525 antrum
1412 1463 1580 1543 Corycium,
1603 1464 1633 1525 in
1654 1469 1755 1526 munte
1774 1460 1924 1528 Parnasso
1947 1467 2053 1545 situm3

384 1558 596 1645 Ὀλυμπιάδες
617 1568 702 1628 θεαί
721 1567 779 1646 (ij.
803 1565 881 1645 883)
905 1571 923 1630 i.
946 1586 971 1631 e.
994 1569 1139 1647 nymphae
1160 1584 1237 1649 qnae
1257 1573 1402 1645 vagantur
1424 1571 1454 1630 in
1476 1567 1742 1648 0iymp0,.biysiae
1763 1574 1880 1648 monte3
1903 1562 2055 1651 praeterea

386 1684 438 1732 eae
462 1686 537 1747 quae
560 1685 578 1734 a
599 1678 685 1750 poeta
707 1674 896 1734 nominantur
917 1673 1050 1752 γείτονες
1071 1664 1247 1755 Ἀρτέμιδος
1266 1666 1428 1752 Deceptam
1451 1664 1651 1759 (ἀγροτέρας)
1677 1670 1796 1752 (Tracb.
1821 1670 1908 1751 215).
1948 1673 2056 1735 heinric

384 1774 530 1852 nymphae
553 1791 626 1854 quae
650 1790 757 1855 aquam
787 1776 933 1839 incolunt:
964 1779 1004 1840 Ν.
1033 1768 1159 1860 ’ἔνυδροι
1181 1776 1270 1853 (Phil.
1297 1776 1394 1853 1454)
1424 1782 1454 1838 et
1475 1777 1515 1839 N.
1538 1764 1629 1837 ἅλιαι
1657 1776 1746 1852 (Phil.
1773 1776 1881 1853 1470).
1926 1776 2056 1853 lienique

383 1878 530 1957 nymphae
551 1883 721 1957 pratenses:
745 1881 783 1941 N.
807 1873 1011 1959 ieapmucddee
1030 1882 1126 1959 (Phil.
1142 1883 1247 1960 1454).
1280 1881 1394 1945 Pariter
1416 1881 1662 1959 atqueiiomerus'
1681 1884 1730 1960 qui
1751 1881 1900 1959 nymphas
1914 1875 2056 1963 τιθήνας

382 1974 585 2061 μαινομένοιο
606 1974 782 2047 Διωνύσοιο
803 1988 936 2048 nominat
960 1986 1007 2065 (ii.
1032 1991 1061 2065 6,
1088 1988 1172 2066 132).
1211 1986 1370 2066 Sophocles
1392 1987 1539 2049 Bacchum
1561 1985 1597 2049 ab
1619 1987 1667 2048 his
1691 1985 1801 2050 deabus
1823 1988 1965 2049 nutritum
1987 2003 2055 2047 esse

384 2092 489 2149 narrat
516 2087 546 2149 id
575 2087 654 2166 quoi
685 2090 812 2167 epitheto
842 2090 935 2152 baiae
968 2086 1106 2173 τιθῆναι
1135 2090 1221 2167 (bed.
1251 2088 1311 2153 Coi.
1340 2091 1419 2167 680)
1451 2089 1622 2153 declaratur.
1652 2094 1696 2135 ὲ-
1722 2090 1882 2160 Pmeterea
1908 2090 2055 2168 nymphae

383 2194 570 2256 nominantur
599 2192 759 2272 Βακχίδες
790 2194 871 2270 (tint.
905 2195 1002 2272 1128)
1033 2194 1112 2272 quud
1140 2194 1288 2257 Bacchum
1318 2193 1510 2257 saitabnndae
1534 2194 1796 2274 prosequebantur.
1817 2228 1862 2239 —-
1883 2188 2056 2279 Μηλιοὶδις

383 2288 508 2379 νύμφαι
528 2307 605 2375 quae
626 2297 750 2360 inimi.
773 2298 838 2361 725
861 2304 1126 2363 commemorantur
1147 2315 1166 2362 a
1184 2304 1264 2362 terra
1284 2298 1417 2362 heliensi
1440 2313 1529 2376 qnam
1556 2299 1690 2362 incolunt
1717 2311 1825 2361 numen
1847 2304 2036 2379 acceperunt

1151 2450 1177 2508 4.
1208 2440 1290 2507 Πάν.

471 2550 662 2612 Rusticanum
690 2548 772 2613 hune
798 2548 883 2613 deum
909 2555 998 2629 pocta
1027 2548 1165 2612 describit
1194 2555 1225 2612 et
1254 2566 1307 2628 per
1334 2554 1447 2613 montes
1475 2556 1636 2626 vagantem
1658 2551 1714 2628 (Π.
1744 2544 1957 2635 όρεσσιβάτης
1986 2552 2060 2613 beri.

384 2656 451 2718 nen
479 2655 577 2734 1100)
599 2661 629 2718 et
652 2654 778 2717 choreas
801 2657 1004 2719 instituentem
1026 2651 1132 2732 (θεῶν
1161 2648 1330 2740 χοροποιός
1360 2646 1442 2728 ἄναξ
1464 2655 1509 2733 Α).
1533 2656 1620 2733 699).
1664 2649 1882 2737 {titulumne
1908 2657 2061 2736 epitheton

385 2757 445 2836 (iij.
470 2759 548 2836 695)
572 2775 589 2820 a
612 2761 732 2837 propria
755 2759 870 2838 quidem
892 2761 980 2838 hujus
1003 2760 1051 2824 dei
1072 2765 1178 2822 natura
1200 2761 1356 2850 abhorret²
1386 2765 1541 2840 propterea
1562 2766 1662 2822 tamen
1684 2766 1710 2824 ei
1738 2762 1862 2824 inditum
1883 2768 1947 2842 est,
1976 2761 2063 2840 qrroi

263 2871 265 2878 ’
384 2865 544 2944 posteriore
566 2869 697 2943 tempore
720 2865 750 2925 et
771 2866 897 2926 manime
920 2879 957 2926 ex
980 2879 1037 2942 quo
1059 2863 1286 2927 Atheniensibus
1308 2864 1407 2927 classe
1430 2863 1652 2942 confligentibus
1674 2865 1834 2944 opitulatus
1857 2870 1918 2945 est,
1947 2867 1978 2927 in
2004 2865 2063 2927 diis

384 2969 510 3030 marinis
532 2966 633 3031 haberi
654 2971 686 3030 et
710 2959 818 3039 ἄατιος
843 2983 878 3032 ac
901 2965 1061 3052 λιμενίιης
1082 2969 1185 3032 ιοιιι1
1208 2974 1327 3048 coeptus
1350 2972 1406 3031 est.
1428 2983 1456 3031 r.
1480 2967 1607 3031 Lobcck.
1631 2968 1668 3031 ari
1689 2968 1718 3029 h.
1740 2969 1759 3031 i.

961 3135 989 3197 5.
1023 3127 1181 3219 Δημήτηρ
1203 3132 1260 3196 καὶ
1280 3126 1480 3219 Περσεφόνη.

474 3257 533 3319 Has
557 3257 626 3320 beas
649 3259 800 3319 artissimo
824 3259 903 3319 inter
925 3273 958 3319 se
986 3252 1102 3321 uinculo
1129 3258 1249 3335 junctas
1276 3273 1343 3320 esse
1365 3261 1395 3319 et
1423 3271 1562 3332 magnam
1591 3259 1707 3335 utrique
1735 3258 1928 3318 reverentiam
1959 3255 2068 3320 deberi

383 3365 469 3441 poeta
491 3361 623 3423 declarat
644 3361 785 3439 epithetis
807 3353 944 3440 μεγάλαι
965 3361 1049 3423 θεαί
1069 3359 1155 3437 (Occi.
1178 3361 1236 3423 Coi
1257 3363 1335 3438 688)
1358 3365 1388 3424 et
1402 3353 1540 3424 Πότνιαι
1563 3359 1647 3436 (1516
1674 3355 1780 3436 1050).
1813 3354 1972 3443 Δημήτηρ
1996 3365 2070 3424 sire

383 3457 460 3548 Δηώ
484 3465 562 3542 (int.
590 3465 687 3542 1121)
710 3481 728 3527 a
749 3470 835 3544 poeta
858 3464 1023 3545 appellatur
1048 3454 1178 3544 εὕχλοος
1200 3465 1286 3542 (οι6.
1308 3463 1368 3528 Coi.
1394 3466 1492 3542 1600)
1516 3463 1594 3542 quoi
1617 3470 1725 3527 terram
1746 3479 1814 3528 vere
1836 3463 1939 3527 herbis
1961 3468 2072 3530 viridi·

383 3570 440 3633 bus
469 3569 651 3646 floribusque
678 3571 769 3632 uestit
799 3574 830 3631 et
858 3562 1034 3632 iiievuwta
1064 3570 1146 3646 (Ant.
1180 3571 1278 3648 1120)
1308 3568 1441 3646 epitheto
1469 3571 1634 3632 notissimo.
1685 3568 1794 3631 Filiam
1826 3571 1893 3647 ejus
1922 3584 2007 3647 quae
2043 3580 2072 3633 et

383 3665 572 3757 Περσεφόνη
596 3671 651 3748 (iii.
679 3673 754 3751 110)
778 3678 809 3736 et
831 3649 1055 3756 Περσέφασσα
1075 3673 1157 3751 (ant
1180 3674 1260 3753 894)
1283 3672 1390 3737 dicitur
1420 3689 1479 3735 una
1506 3689 1573 3737 cum
1595 3672 1722 3735 Piutone
1748 3673 1856 3736 marito
1880 3673 1960 3751 apuci
1983 3676 2074 3737 inie-

286 3797 292 3802 ·
381 3795 436 3842 ros
459 3793 583 3855 regnare
605 3776 760 3840 declarant
783 3775 841 3839 duo
865 3779 1011 3858 epitheta:
1035 3771 1056 3862 ἡ
1077 3770 1211 3862 νερτέρα
1232 3769 1312 3848 θεός
1334 3777 1417 3853 (086
1430 3777 1487 3840 Coi
1507 3775 1606 3854 1548)
1629 3783 1659 3840 et
1680 3769 1702 3859 ηι
1724 3768 1852 3860 ἀφανής
1871 3766 1951 3847 θεός
1975 3778 2075 3853 (ihiri.

388 3883 494 3960 1557).
546 3880 708 3958 Epitheton
733 3872 754 3964 ἡ
781 3872 891 3943 ἑνοδία
919 3875 999 3954 θεός
1026 3883 1105 3960 (Ant
1138 3877 1221 3945 1199
1250 3887 1281 3946 et
1316 3881 1354 3944 ir.
1382 3878 1460 3958 480)
1489 3883 1598 3944 rectius
1637 3879 1675 3942 aci
1704 3880 1835 3944 Hecaten
1868 3880 2081 3946 referendum

383 4003 451 4050 esse
485 3965 616 4064 uretur,
651 3999 739 4063 qnam
770 3986 985 4064 posterioribus
1019 3985 1201 4066 temporibus
1234 4001 1302 4048 cunr
1334 3986 1517 4067 Proserpina
1549 3984 1706 4048 confusam
1738 4000 1807 4048 esse
1836 3989 1964 4048 cunstat
2031 3991 2080 4050 t‘f.

387 4090 570 4155 Schneidcu.
594 4089 633 4150 ad
654 4088 682 4151 h.
706 4088 725 4151 i.
1336 4069 1343 4090 ¹

729 4255 734 4266 ,
1052 4210 1057 4224 “
1138 4198 1167 4258 0,
1192 4181 1308 4279 Ἅιδης.

471 4309 536 4372 iter
556 4307 717 4372 inferorum
740 4302 902 4387 (ἑννοχίων
932 4297 1015 4382 ἅναξ
1037 4307 1104 4372 bei.
1128 4307 1188 4372 coi.
1214 4309 1306 4371 1559.
1336 4307 1581 4390 eiiiomericnm
1611 4295 1695 4380 ι’ἑναξ
1723 4298 1838 4387 ἐνέρων
1863 4304 1893 4367 ii.
1918 4307 1986 4386 20,
2019 4315 2107 4375 iiii*

383 4413 538 4493 permultis
561 4427 579 4474 a
601 4418 688 4491 poeta
711 4412 878 4476 nominibus
901 4414 1070 4490 insignitur.
1114 4413 1267 4502 Persaepe
1289 4415 1368 4475 eninr
1389 4411 1555 4491 appellatur
1568 4399 1693 4495 ’Ἅιδηςς
1722 4417 1878 4489 praeterea
1904 4406 2089 4488 Alcimena,-

384 4517 469 4594 (Oeil.
493 4518 551 4582 coi.
579 4520 676 4595 1000)
721 4511 876 4581 Πλούτων
905 4517 986 4595 (Ani.
1014 4517 1112 4594 1200)
1143 4509 1161 4580 ὁ
1185 4511 1280 4596 παρὰ
1299 4511 1358 4581 τόν
1384 4509 1548 4600 Ἀχέροντα
1577 4510 1657 4587 θεὸς
1686 4508 1838 4577 α’νάσσων
1859 4514 1917 4590 (m.
1944 4518 2047 4594 184)
2075 4509 2093 4581 ὁ

383 4609 523 4708 ἕσπερος
545 4618 628 4695 θεός
650 4622 736 4702 (bed.
760 4623 823 4685 Rex
848 4619 1227 4703 temperatissimum
1252 4625 1283 4685 in
1312 4621 1488 4685 ocuientaii
1516 4629 1612 4684 terrae
1637 4624 1725 4700 parte
1755 4621 1834 4681 sitae
1860 4619 2107 4719 putabantur„
