4459 5275
1206 526 1226 587 4

378 766 419 777 -—
442 724 546 823 θέαις,
568 725 649 818 τούξι
657 714 830 832 γεραίρους’
854 730 921 792 unt.
951 732 1088 793 602-
1046 724 1186 803 -τούς
1214 724 1365 793 κάτωθεν
1392 724 1493 801 θεούς
1515 731 1585 793 lbld.
1612 732 1721 807 1070).
1766 733 1851 795 Sicut
1877 732 1919 796 dil
1950 738 2043 812 superi

378 836 460 929 apud·
475 811 655 929 homerum
659 820 818 897 dicrrhturi'
832 826 992 927 Ὀλύμπια
1014 824 1180 914 δώματ’”
1162 854 1287 913 εχοντες
1305 835 1389 916 lle,
1414 837 1471 913 13,
1493 837 1535 897 ita
1558 835 1638 913 apud
1663 835 1839 914 Sophoclem
1866 838 2043 917 appellantur

375 938 462 1001 biti?
452 922 632 1028 Ὀλινριπ
606 958 640 1007 οι
641 919 759 1032 (Phile
771 936 882 1031 315)
903 938 1063 1001 Praeterea
1085 938 1163 1001 coni.
1180 938 1255 1001 {led
1278 936 1337 1000 col
1364 940 1456 1017 1655,
1479 938 1528 1000 ubi
1550 938 1682 1001 Theseus
1704 933 1760 1001 τὸν
1780 935 1872 1003 θεῶν
1883 931 2043 1020 ’Ὀλομπα
2095 967 2097 970 ·

377 1045 550 1107 adoravisse
574 1030 646 1105 dicit
634 1048 687 1105 t.ur
722 1042 753 1102 ln
775 1041 886 1121 aliquot
907 1040 982 1103 locis
1005 1040 1124 1105 deorum
1146 1041 1299 1104 domicilia
1321 1038 1543 1118 angustioribus
1562 1045 1648 1121 quasi
1668 1042 1775 1105 bulbus
1801 1044 2042 1107 circumscribam

376 1156 436 1228 tur,
464 1148 554 1209 ueluti
582 1145 722 1225 epItbetis
751 1146 788 1207 θ
818 1138 958 1229 ἐγχώρια
981 1145 1102 1223 (Tracb.
1130 1146 1207 1221 183)
1237 1146 1275 1205 0.
1304 1137 1432 1223 ἐγγενεῖς
1455 1145 1510 1225 (ul.
1534 1144 1612 1223 428)
1635 1148 1686 1225 qul
1707 1146 1795 1211 uelem
1817 1154 1889 1210 suut
1917 1153 2042 1211 cumb

375 1244 540 1335 πατρῴοις
563 1250 621 1327 (ul.
644 1252 734 1323 tlt)

463 1357 665 1418 Transeamus
689 1352 727 1414 ad
750 1342 872 1415 deorum
892 1357 1091 1414 naturam.—
1104 1352 1359 1415 immortalitatem
1382 1354 1446 1414 sire
1469 1354 1676 1415 aeternitatem
1698 1353 1827 1432 deorum,
1843 1370 1929 1433 quarn
1942 1356 2044 1417 Home

373 1480 423 1526 rus
448 1462 621 1539 saepissime
650 1457 793 1535 epithetis
822 1458 860 1517 0.
884 1449 954 1517 αἰὲν
975 1448 1094 1539 ἐόντες,
1118 1460 1156 1519 d.
1180 1440 1375 1535 αἰειγενὲτοι,
1398 1459 1436 1517 ab.
1459 1446 1619 1538 ἄμβροτος
1641 1456 1782 1536 celebrat,
1802 1458 1966 1537 Sophocles
1989 1476 2046 1522 non

375 1572 455 1629 certo
479 1548 600 1643 quidem
619 1562 752 1640 epitheto
776 1558 944 1639 significat,
968 1566 1099 1623 attamen
1121 1562 1300 1622 mentionem
1323 1560 1411 1637 hujus
1433 1565 1556 1622 naturae
1579 1561 1652 1622 iacit
1673 1561 1795 1638 pulcbro
1817 1561 1866 1625 illo
1889 1564 1970 1643 loco,
1998 1564 2045 1626 ubi

375 1670 503 1746 Oedipus
529 1667 565 1728 ad
587 1666 736 1728 Theseum
758 1662 849 1727 verbu
878 1662 992 1725 iaciens
1016 1651 1102 1725 (ΙΙυΙιΞ
1127 1644 1155 1724 οἷ
1175 1654 1303 1744 φίλτατ’
1324 1655 1439 1740 Αἰγέως
1461 1662 1540 1740 παῖ,
1568 1657 1677 1743 μόνοις
1710 1657 1747 1726 ού
1772 1665 1908 1745 γίγνεται
1937 1668 2046 1730 θεοῖσι

372 1768 469 1857 γῆρας
500 1762 573 1833 οὐδὲ
603 1766 781 1830 κατθανεῖν
814 1760 911 1845 ποτέ,
945 1760 987 1828 τύ
1021 1758 1134 1829 tillia
1163 1766 1275 1845 συγχεῖ
1301 1757 1406 1829 πάνθ’
1435 1759 1453 1828 ὁ
1479 1761 1665 1851 παγκρατὴς
1698 1761 1818 1851 χρόνος.
1867 1770 1952 1848 (ileu
1987 1773 2046 1833 Col.

374 1876 527 1951 607-9).
572 1875 737 1962 Praeterea¹
760 1872 891 1951 epitheto
920 1874 957 1933 0.
986 1865 1122 1955 ἐπόψιον
1149 1870 1241 1949 (Pbil.
1273 1870 1372 1948 1040)
1402 1865 1604 1952 significatur,
1634 1872 1706 1936 deos
1735 1890 1794 1936 non
1824 1874 1918 1937 solum
1948 1880 2046 1938 omnia

373 1980 489 2059 ridere,
518 1980 685 2042 sedetiam
714 1976 832 2038 scelera
864 1976 1005 2039 malorum
1037 1976 1190 2040 hominurn
1222 1974 1334 2035 ulcisci.
1363 2006 1406 2017 -
1436 1975 1567 2053 Denique
1600 1975 1760 2037 notandum
1793 1984 1858 2056 est,
1892 1974 2047 2063 σωτήριος

373 2086 529 2165 epitheton,
554 2082 633 2161 quod
655 2085 685 2144 Ιιι
706 2081 747 2143 ul.
772 2081 831 2143 281
854 2085 1110 2158 commemoratur,
1136 2077 1271 2140 omnibus
1298 2078 1415 2157 quidem
1440 2078 1506 2139 deis
1530 2084 1681 2156 tamquam
1709 2081 1864 2157 epitheton
1887 2098 2046 2146 commune

377 2188 500 2249 attribui
524 2187 633 2265 rideri,
663 2202 696 2247 re
725 2190 824 2248 autem
847 2198 918 2246 vera
947 2189 1060 2247 tantum
1088 2182 1189 2262 lovis,
1216 2182 1359 2259 Apollinis
1382 2188 1413 2243 et
1434 2183 1581 2245 llinerrae
1603 2186 1753 2261 proprium
1777 2200 1860 2264 esse,
1891 2189 1942 2263 qul
1965 2194 1996 2249 et
2021 2192 2047 2249 in

375 2291 444 2353 aliis
466 2289 541 2352 locis
564 2286 640 2351 θεοὶ
663 2279 884 2371 ἀποτρόπαιον
906 2290 1103 2351 nominantm.
1148 2284 1279 2347 Primum
1304 2285 1457 2349 videamus

814 2508 886 2589 De
913 2506 1017 2605 diis,
1046 2506 1129 2607 qui
1115 2406 1218 2585 111A
1219 2452 1366 2588 ‘coelo
1392 2490 1606 2609 regnent

790 2632 817 2707 Ι.
858 2630 919 2706 Du
946 2633 1009 2730 qui
1044 2628 1218 2704 dieuntm
1251 2631 1431 2729 majoriam
1455 2632 1629 2728 gentiunt

538 2829 545 2840 Ι
1137 2757 1163 2816 Ι.
1197 2747 1288 2824 Ζεύς.
1385 2790 1387 2797 -

356 2859 362 2881 “
460 2864 559 2938 Longe
580 2861 715 2940 plurimis
738 2859 879 2940 epithetis
902 2863 935 2920 ut
956 2875 1011 2936 par
1033 2863 1079 2920 est
1107 2873 1240 2921 summus
1263 2858 1385 2921 deorum
1406 2873 1424 2920 a
1447 2859 1595 2936 Sophocle
1617 2861 1755 2924 amciter.
1791 2862 1925 2925 Primum
1949 2867 2049 2928 eodem

372 2967 459 3032 modo
483 2982 541 3046 quo
565 2965 706 3028 Homerus
729 2966 832 3026 lovem
855 2961 986 3041 appellat
1006 2953 1195 3044 Ὀλύμπιον,
1217 2964 1329 3040 Jupiter
1352 2964 1430 3041 apud
1451 2970 1583 3026 nost-cunr
1600 2948 1718 3042 ¹poetam
1740 2970 1910 3030 nominatur
1937 2965 2049 3053 παπ)

370 3064 539 3152 Ὀλύμπιος
563 3072 685 3148 (Tracb.
699 3069 778 3146 275)
803 3074 833 3130 et
855 3059 935 3137 θεὸς
957 3057 975 3128 ὁ
995 3060 1095 3146 μέγας
1114 3058 1284 3145 Ὀλύμπιος
1306 3067 1365 3144 (ul.
1385 3063 1474 3145 209).
1507 3068 1619 3130 Eodem
1640 3073 1790 3146 pertinent
1811 3086 1887 3149 quae
1910 3071 2051 3147 leguntur

368 3178 401 3258 in
419 3175 498 3252 hjac.
520 3179 620 3237 1389:
640 3168 799 3253 Ὀλύμπου
821 3161 908 3234 τοῦδ’
929 3163 948 3232 o‘
968 3163 1156 3253 πρεσβεύων
1178 3164 1288 3254 πατήρ
1313 3178 1343 3233 et
1358 3174 1389 3234 in
1407 3171 1447 3233 ul.
1471 3175 1547 3233 174:
1569 3164 1669 3252 μέγας
1688 3163 2053 3256 enipeum-Praeterea

372 3279 463 3342 sedes
486 3281 580 3358 loris,
604 3295 680 3358 quae
703 3279 740 3341 ab
763 3279 891 3341 Homero
914 3275 1046 3354 epitheto
1072 3269 1090 3337 ὁ
1112 3261 1301 3357 bpob’e’e‘v
1322 3275 1503 3337 describitur
1525 3277 1572 3352 (ll.
1600 3280 1656 3358 10,
1684 3277 1739 3353 lo)
1760 3283 1928 3342 accuratius
1951 3296 1972 3343 a
1997 3285 2052 3344 So·

371 3383 479 3463 phocle
504 3383 639 3445 delinitur
660 3381 775 3444 uerbis:
799 3373 908 3444 ὅποτ’
930 3370 1036 3463 σ’ἱστρα
1057 3372 1140 3450 Ζεύς
1163 3381 1284 3454 (Tracta
1312 3380 1419 3456 troo).
1467 3380 1530 3442 llno
1554 3386 1668 3443 tantum
1691 3381 1756 3444 loco
1779 3384 1869 3446 sedes
1889 3390 2054 3448 terrestris

371 3489 436 3550 lori
454 3480 751 3550 ιιιινυιιυιιΔωιΙῶνι
768 3486 874 3562 ναίων,
891 3478 1037 3564 ὁμὲστιοι
1056 3479 1180 3567 liparae
1192 3485 1312 3561 (fragm
1332 3486 1405 3546 401.
1418 3483 1466 3560 ΙΙ.)
1488 3484 1525 3544 ci.
1538 3477 1620 3555 Ζεύς
1630 3484 1819 3558 Δωδωναῖος
1830 3488 1877 3565 (ΙΙ.
1898 3494 1944 3568 lo,
1958 3493 2056 3568 233),

458 3591 559 3652 lorem
580 3592 821 3668 potentissimum
847 3589 969 3654 deorum
991 3583 1061 3652 esse
1084 3605 1245 3668 eorumque
1274 3593 1430 3667 parentem
1453 3587 1619 3667 Sophocles
1649 3593 1764 3668 pariter
1788 3598 1877 3669 atque
1900 3592 2057 3657 llomcrus

372 3691 466 3771 (apud
490 3709 577 3773 quenl
598 3697 764 3770 nominatur
786 3688 897 3778 πατήρ
922 3685 1046 3777 ἀνδρῶν
1067 3715 1103 3756 τε
1124 3689 1214 3756 θεῶν
1241 3715 1295 3772 τε,
1316 3686 1505 3778 ἕρισύλενής,
1533 3687 1718 3778 κάρτιστος)
1747 3696 1878 3774 plurimis
1906 3698 2059 3774 epithetis

372 3801 518 3876 exprimit.
532 3831 573 3842 -
587 3796 717 3862 Primum
740 3797 949 3876 hucpertinet
971 3814 1134 3876 cognomen
1157 3790 1268 3880 πατήρ
1291 3798 1369 3877 quod
1391 3801 1422 3860 ιιι
1443 3804 1570 3879 quatuor
1592 3798 1669 3861 locis
1690 3801 1840 3878 reperitur
1863 3799 1922 3885 (ij.
1949 3803 2060 3864 1389.

371 3935 412 3944 -
435 3901 509 3963 Phil.
537 3903 626 3964 1440.
672 3901 740 3963 bed.
761 3902 825 3966 liert
847 3905 919 3966 202.
954 3903 1059 3965 ΤιυοΙι.
1084 3903 1173 3980 275).
1208 3902 1366 3965 Praeterea
1387 3903 1503 3981 Jupiter
1525 3903 1689 3982 appellatur
1712 3897 1900 3986 παγκρατής
1922 3900 2063 3988 Κρόνου

371 4005 450 4076 ποις
474 4005 564 4078 (ruit.
589 4007 660 4066 oso.
684 4004 807 4068 euleu.
830 4007 867 4068 rr.
892 4006 970 4083 aot)
993 3993 1133 4090 ὕψιστος
1156 4006 1246 4084 (eurr.
1261 4006 1371 4083 raso)
1394 3997 1429 4077 ὂς
1451 4000 1562 4069 πάντα
1587 3999 1735 4090 κρατύνει
1765 4008 1821 4084 (ar.
1850 4012 1925 4083 ιιι)
1949 4005 2063 4072 ποειτ’

372 4102 523 4171 ἀνάσσων
546 4107 632 4186 (ded.
655 4109 719 4172 ileu
743 4109 821 4188 ool)
845 4099 928 4182 ἅναξ
951 4111 1034 4188 (ded
1058 4111 1119 4174 Col.
1148 4113 1246 4183 1485)
1269 4105 1454 4193 nemaeum
1476 4107 1566 4174 θεῶν
1588 4113 1673 4189 (0erl.
1701 4114 1807 4189 1005).
1827 4145 1870 4156 -
1889 4111 2060 4192 imperium

303 4255 307 4263 ·
372 4217 437 4292 ejus
460 4211 627 4275 extenditur
655 4215 685 4276 in
707 4214 874 4277 universam
904 4220 1056 4297 naturam,
1089 4215 1165 4279 rmde
1191 4217 1358 4279 nominatur
1380 4209 1546 4304 πυρφόρος
1577 4209 1802 4300 ἀστεροπητής
1824 4217 1917 4295 (Phil.
1944 4221 2065 4286 1198)

370 4308 609 4401 βαρυβρεμὲτης
632 4317 713 4390 (λιιι.
741 4319 839 4398 1118)
862 4311 1038 4402 πυρφόρων
1064 4311 1241 4402 α’στραπᾶν
1269 4314 1371 4404 κράτη
1402 4313 1505 4401 νέμων
1528 4321 1614 4398 (Oed.
1637 4323 1699 4385 Rex
1722 4325 1890 4396 ooo-02)
1914 4320 1961 4384 Cf.
1988 4333 2067 4407 epi·

369 4423 450 4484 ihetu
478 4421 647 4483 Homerica:
677 4412 912 4508 ὑψιβρεμέτης,
947 4417 1168 4508 ἐριβρεμέτης,
1201 4419 1462 4508 τερπικέραυνος,
1496 4420 1742 4509 νεφεληγερέτα,
1777 4423 2071 4510 στεροπηγερέτα.

369 4517 599 4609 οἷργικέραυνος.
622 4559 666 4569 —-
688 4526 760 4590 Cum
781 4526 838 4589 bac
868 4531 1083 4607 omnipotentia
1104 4531 1263 4607 conjuncta
1295 4536 1342 4592 est
1365 4529 1493 4592 facultas
1523 4532 1620 4593 omnia
1643 4532 1867 4611 etpraesentia
1889 4532 2069 4600 ecfututa

365 4630 564 4712 perspiciendi
586 4631 615 4694 ld
637 4631 714 4710 quod
736 4630 902 4709 Sophocles
923 4631 971 4694 his
993 4633 1135 4711 epltbetis
1158 4632 1301 4696 declarat:
1324 4624 1344 4696 ὁ
1364 4626 1478 4696 πα’νο’
1499 4626 1581 4718 ‹ipris›
1602 4628 1659 4695 αἐί
1676 4635 1760 4713 (λιιι.
1779 4636 1857 4713 104)
1879 4627 1915 4706 ὃς
1936 4629 2076 4727 ε’φορι,ἶ
